<?xml version="1.0" encoding="UTF-8" ?><marc:record xmlns:marc="http://www.loc.gov/MARC21/slim"><marc:leader>00428nam a2200145   4500</marc:leader><marc:controlfield tag="001">1000130</marc:controlfield><marc:controlfield tag="008">100120s1875        enk       |00|| und d</marc:controlfield><marc:datafield tag="100" ind1="1" ind2=" "><marc:subfield code="a">Weismann, August.</marc:subfield></marc:datafield><marc:datafield tag="245" ind1="1" ind2="0"><marc:subfield code="a">Studien zur Descendenztheorie. I.</marc:subfield></marc:datafield><marc:datafield tag="260" ind1=" " ind2=" "><marc:subfield code="a">Leipzig :</marc:subfield><marc:subfield code="b">Engelmann,</marc:subfield><marc:subfield code="c">1875.</marc:subfield></marc:datafield><marc:datafield tag="300" ind1=" " ind2=" "><marc:subfield code="a">112 p.</marc:subfield></marc:datafield><marc:datafield tag="500" ind1=" " ind2=" "><marc:subfield code="a">Location: Cambridge.</marc:subfield></marc:datafield><marc:datafield tag="500" ind1=" " ind2=" "><marc:subfield code="a">Identifier: Weismann1875kd06C.</marc:subfield></marc:datafield><marc:datafield tag="500" ind1=" " ind2=" "><marc:subfield code="a">Public number: 1434.</marc:subfield></marc:datafield><marc:datafield tag="561" ind1=" " ind2=" "><marc:subfield code="a">From the library of Charles Darwin.</marc:subfield></marc:datafield></marc:record>